<record><leader>00000cas a22000007a 4500</leader><controlfield tag="001">27033775</controlfield><controlfield tag="008">921127c194u9999ctuwr ne      0    0eng d</controlfield><datafield ind1=" " ind2=" " tag="010"><subfield code="a">sn 92051479 </subfield></datafield><datafield ind1=" " ind2=" " tag="040"><subfield code="a">CNW</subfield><subfield code="b">eng</subfield><subfield code="c">CNW</subfield><subfield code="d">OCLCQ</subfield></datafield><datafield ind1=" " ind2=" " tag="042"><subfield code="a">msc</subfield></datafield><datafield ind1="0" ind2=" " tag="130"><subfield code="a">Town times (Oakville, Conn.)</subfield></datafield><datafield ind1="1" ind2="0" tag="245"><subfield code="a">Town times.</subfield></datafield><datafield ind1=" " ind2=" " tag="260"><subfield code="a">Oakville, Conn. :</subfield><subfield code="b">Carl Less and Robert Giordan</subfield></datafield><datafield ind1=" " ind2=" " tag="300"><subfield code="a">v.</subfield></datafield><datafield ind1=" " ind2=" " tag="310"><subfield code="a">Weekly</subfield></datafield><datafield ind1=" " ind2=" " tag="500"><subfield code="a">Published in Watertown, Conn., July 18, 1957-Aug. 3, 1989, and: Newtown, Conn., Aug. 10, 1989-Oct. 8, 1992, and: Southbury, Conn., Oct. 15, 1992-</subfield></datafield><datafield ind1=" " ind2=" " tag="530"><subfield code="a">Available on microfilm from New England Micrographics, Marlboro, Mass.</subfield></datafield><datafield ind1=" " ind2=" " tag="588"><subfield code="a">Description based on: Vol. 3, no. 128 (May 12, 1950).</subfield></datafield><datafield ind1=" " ind2="4" tag="651"><subfield code="a">Oakville (Conn.)</subfield><subfield code="v">Newspapers.</subfield></datafield><datafield ind1=" " ind2="4" tag="651"><subfield code="a">Watertown (Conn.)</subfield><subfield code="v">Newspapers.</subfield></datafield><datafield ind1=" " ind2="4" tag="651"><subfield code="a">Middlebury (Conn.)</subfield><subfield code="v">Newspapers.</subfield></datafield><datafield ind1=" " ind2=" " tag="752"><subfield code="a">United States</subfield><subfield code="b">Connecticut</subfield><subfield code="c">New Haven</subfield><subfield code="d">Southbury.</subfield></datafield><datafield ind1="1" ind2=" " tag="029"><subfield code="a">AU@</subfield><subfield code="b">000020741438</subfield></datafield></record>